<record><leader>00000cas a22000007a 4500</leader><controlfield tag="001">13181698</controlfield><controlfield tag="008">860221d19111914wvuwr ne      0    0eng d</controlfield><datafield ind1=" " ind2=" " tag="010"><subfield code="a">sn 86092233 </subfield></datafield><datafield ind1=" " ind2=" " tag="040"><subfield code="a">WVC</subfield><subfield code="b">eng</subfield><subfield code="c">WVC</subfield><subfield code="d">OCL</subfield><subfield code="d">OCLCQ</subfield></datafield><datafield ind1=" " ind2=" " tag="042"><subfield code="a">msc</subfield></datafield><datafield ind1="0" ind2=" " tag="130"><subfield code="a">Republican news (Marlinton, W. Va.)</subfield></datafield><datafield ind1="1" ind2="4" tag="245"><subfield code="a">The republican news.</subfield></datafield><datafield ind1=" " ind2=" " tag="260"><subfield code="a">Marlinton, W. Va. :</subfield><subfield code="b">J.C. Tilton,</subfield><subfield code="c">1911-</subfield></datafield><datafield ind1=" " ind2=" " tag="300"><subfield code="a">v.</subfield></datafield><datafield ind1=" " ind2=" " tag="310"><subfield code="a">Weekly</subfield></datafield><datafield ind1="0" ind2=" " tag="362"><subfield code="a">Vol. 12, no. 1 (Dec. 8, 1911)-</subfield></datafield><datafield ind1="1" ind2=" " tag="362"><subfield code="a">Ceased in Feb., 1914.</subfield><subfield code="z">Cf. Hist. of Pocahontas Co., W. Va.</subfield></datafield><datafield ind1=" " ind2=" " tag="500"><subfield code="a">Editor: R.A. Kramer.</subfield></datafield><datafield ind1=" " ind2=" " tag="515"><subfield code="a">Continued the numbering system of: Marlinton messenger.</subfield></datafield><datafield ind1=" " ind2=" " tag="752"><subfield code="a">United States</subfield><subfield code="b">West Virginia</subfield><subfield code="c">Pocahontas</subfield><subfield code="d">Marlinton.</subfield></datafield><datafield ind1="0" ind2="0" tag="780"><subfield code="t">Marlinton messenger</subfield><subfield code="w">(DLC)sn 86092232</subfield></datafield><datafield ind1="0" ind2="5" tag="785"><subfield code="t">Pocahontas independent</subfield><subfield code="w">(DLC)sn 86092234</subfield></datafield></record>